@Booklet{Neukam2003,
  title = {{Das \KOMAScript-Paket}},
  author = {Neukam, Frank and Kohm, Markus and Kielhorn, Axel},
  howpublished = {Anleitung},
  month = {Januar},
  year = {2003},
  url = {http://www.math.upenn.edu/tex_docs/latex/koma-script/scrguide.pdf},
}

@Booklet{Schmidt2003,
  title = {{\LaTeXe-Kurzbeschreibung}},
  author = {Schmidt, Walter and Knappen, Jörg and Partl, Hubert and Hyna, Irene},
  howpublished = {Anleitung},
  month = {April},
  year = {2003},
  url = {http://www.ctan.org/tex-archive/info/lshort/german/l2kurz.pdf}
}

@Booklet{Juergens2000,
  title = {{\LaTeX -- Eine Einführung und ein bisschen mehr\dots}},
  author = {Jürgens, Manuela},
  address = {Fernuniversität Hagen, URZ},
  month = {Oktober},
  year = {2000},
  url = {ftp://ftp.fernuni-hagen.de/pub/pdf/urz-broschueren/broschueren/a0260003.pdf}
}

@Booklet{Juergens1995,
  title = {{\LaTeX -- Fortgeschrittene Anwendungen (oder: Neues von den Hobbits)}},
  author = {Jürgens, Manuela},
  address = {Fernuniversität Hagen, URZ},
  month = {Oktober},
  year = {1995},
  url = {ftp://ftp.fernuni-hagen.de/pub/pdf/urz-broschueren/broschueren/a027.pdf}
}

@Booklet{Struckmann2004,
  title = {{Einige typographische Grundregeln und ihre Umsetzung in \LaTeX}},
  author = {Struckmann, Werner},
  howpublished = {Anleitung},
  month = {Januar},
  year = {2004},
  url = {http://www.cs.tu-bs.de/ips/struck/unitext/typographie.pdf}
}

@Booklet{Farwer2005,
  title = {{Wissenschaftliches Arbeiten mit \LaTeX}},
  author = {Farwer, Berndt},
  address = {Fachbereich Informatik, Universität Hamburg},
  month = {August},
  year = {2005},
  url = {http://homepage.mac.com/farwer/latex05/Home_attachments/reader.pdf}
}

