@inproceedings{choromanska2015loss,
  title={The loss surfaces of multilayer networks},
  author={Choromanska, Anna and Henaff, Mikael and Mathieu, Michael and Arous, G{\'e}rard Ben and LeCun, Yann},
  booktitle={Artificial intelligence and statistics},
  pages={192--204},
  year={2015}
}

@inproceedings{he2016deep,
  title={Deep residual learning for image recognition},
  author={He, Kaiming and Zhang, Xiangyu and Ren, Shaoqing and Sun, Jian},
  booktitle={Proceedings of the IEEE conference on computer vision and pattern recognition},
  pages={770--778},
  year={2016}
}

@article{howard2017mobilenets,
  title={Mobilenets: Efficient convolutional neural networks for mobile vision applications},
  author={Howard, Andrew G and Zhu, Menglong and Chen, Bo and Kalenichenko, Dmitry and Wang, Weijun and Weyand, Tobias and Andreetto, Marco and Adam, Hartwig},
  journal={arXiv preprint arXiv:1704.04861},
  year={2017}
}

@inproceedings{sandler2018mobilenetv2,
  title={Mobilenetv2: Inverted residuals and linear bottlenecks},
  author={Sandler, Mark and Howard, Andrew and Zhu, Menglong and Zhmoginov, Andrey and Chen, Liang-Chieh},
  booktitle={Proceedings of the IEEE conference on computer vision and pattern recognition},
  pages={4510--4520},
  year={2018}
}

@article{hochreiter1997flat,
  title={Flat minima},
  author={Hochreiter, Sepp and Schmidhuber, J{\"u}rgen},
  journal={Neural Computation},
  volume={9},
  number={1},
  pages={1--42},
  year={1997},
  publisher={MIT Press}
}

@article{dinh2017sharp,
  title={Sharp minima can generalize for deep nets},
  author={Dinh, Laurent and Pascanu, Razvan and Bengio, Samy and Bengio, Yoshua},
  journal={arXiv preprint arXiv:1703.04933},
  year={2017}
}

@article{he2020piecewise,
  title={Piecewise linear activations substantially shape the loss surfaces of neural networks},
  author={He, Fengxiang and Wang, Bohan and Tao, Dacheng},
  journal={arXiv preprint arXiv:2003.12236},
  year={2020}
}

@article{draxler2018essentially,
  title={Essentially no barriers in neural network energy landscape},
  author={Draxler, Felix and Veschgini, Kambis and Salmhofer, Manfred and Hamprecht, Fred A},
  journal={arXiv preprint arXiv:1803.00885},
  year={2018}
}

@article{loshchilov2016sgdr,
  title={Sgdr: Stochastic gradient descent with warm restarts},
  author={Loshchilov, Ilya and Hutter, Frank},
  journal={arXiv preprint arXiv:1608.03983},
  year={2016}
}

@inproceedings{fort2019large,
  title={Large scale structure of neural network loss landscapes},
  author={Fort, Stanislav and Jastrzebski, Stanislaw},
  booktitle={Advances in Neural Information Processing Systems},
  pages={6709--6717},
  year={2019}
}
